@Article{gravesChangingDynamicsUS2017,
  title = {The {{Changing Dynamics Of US Health Insurance And Implications For The Future Of The Affordable Care Act}}},
  author = {John A. Graves and Sayeh S. Nikpay},
  date = {2017-02-01},
  journaltitle = {Health Affairs},
  volume = {36},
  pages = {297--305},
  issn = {0278-2715, 1544-5208},
  doi = {10.1377/hlthaff.2016.1165},
  url = {http://content.healthaffairs.org/lookup/doi/10.1377/hlthaff.2016.1165},
  urldate = {2017-02-10},
  langid = {english},
  number = {2},
}

@Article{gravesChangingDynamicsUS2017,
  title = {The {{Changing Dynamics Of US Health Insurance And Implications For The Future Of The Affordable Care Act}}},
  author = {John A. Graves and Sayeh S. Nikpay},
  date = {2017-02-01},
  journaltitle = {Health Affairs},
  volume = {36},
  pages = {297--305},
  issn = {0278-2715, 1544-5208},
  doi = {10.1377/hlthaff.2016.1165},
  url = {http://content.healthaffairs.org/lookup/doi/10.1377/hlthaff.2016.1165},
  urldate = {2017-02-10},
  langid = {english},
  number = {2},
}
